@article{Kelleher:2009,
    author       = {Jerome Kelleher and Barry O'Sullivan},
    title        = {Generating All Partitions: {A} Comparison Of Two Encodings},
    journal      = {CoRR},
    volume       = {abs/0909.2331},
    year         = {2009},
    url          = {http://arxiv.org/abs/0909.2331},
    doi          = "10.48550/arXiv.0909.2331",
    eprinttype   = {arXiv},
    eprint       = {0909.2331},
}

@book{Macdonald:1998,
    title={Symmetric Functions and {H}all Polynomials},
    author={Macdonald, I.G.},
    isbn={9780198504504},
    doi = "10.1093/oso/9780198534891.001.0001",
    lccn={94027392},
    year={1998},
    publisher={Clarendon Press}
}

@book{Fulton:2004,
    author = "Fulton, William and Harris, Joe",
    title = "{Representation Theory}",
    doi = "10.1007/978-1-4612-0979-9",
    publisher = "Springer",
    address = "New York",
    series = "Graduate Texts in Mathematics",
    year = "2004"
}

@book{Babelon:2003,
	title={Introduction to Classical Integrable Systems},
    author={Babelon, O. and Bernard, D. and Talon, M. and Cambridge University
    Press and Landshoff, P.V. and Nelson, D.R. and Sciama, D.W. and Weinberg,
    S.},
    doi = "10.1017/CBO9780511535024",
	isbn={9780521822671},
	lccn={2002034955},
	series={Cambridge Monographs on Mathematical Physics},
	year={2003},
	publisher={Cambridge University Press}
}

@book{Korepin:1993,
	address = {Cambridge},
	author = {Korepin, V. E. and Bogoliubov, N. M. and Izergin, A. G.},
	doi = {10.1017/CBO9780511628832},
	isbn = {978-0-511-62883-2},
	publisher = {Cambridge University Press},
	series = {Cambridge Monographs on Mathematical Physics},
	title = {{Quantum Inverse Scattering Method and Correlation Functions}},
	year = {1993},
	Bdsk-Url-1 = {https://doi.org/10.1017/CBO9780511628832}
}

@book{Marino:2005,
  title={{C}hern-{S}imons theory, matrix models, and topological strings},
  author={Marino, M.},
  doi = "10.1093/acprof:oso/9780198568490.001.0001",
  isbn={9780198568490},
  lccn={2006272295},
  series={international series of monographs on physics},
  year={2005},
  publisher={clarendon press}
}


@phdthesis{Wheeler:2010,
    author = "Wheeler, Michael Alan",
    title = "{Free fermions in classical and quantum integrable models}",
    eprint = "1110.6703",
    doi = "10.48550/arXiv.1110.6703",
    archivePrefix = "arXiv",
    primaryClass = "math-ph",
    school = "Melbourne U.",
    year = "2010"
}

@manual{sagemath,
  doi = "10.5281/zenodo.593563",
  author       = {{The Sage Developers}},
  title        = {{S}ageMath, the {S}age {M}athematics {S}oftware {S}ystem ({V}ersion 9.7)},
  Year         = {2022},
}

@inproceedings{Okounkov:2006,
   title={The uses of random partitions},
   url={http://dx.doi.org/10.1142/9789812704016_0037},
   DOI={10.1142/9789812704016_0037},
   booktitle={XIVth International Congress on Mathematical Physics},
   publisher={World Scientific},
   author={Okounkov, Andrei},
   year={2006},
   month=mar }